<?xml version="1.0" encoding="UTF-8"?><record xmlns="http://www.loc.gov/MARC21/slim" xmlns:cinclude="http://apache.org/cocoon/include/1.0" xmlns:zs="http://www.loc.gov/zing/srw/">
  <leader>02142cz  a2200361n  4500</leader>
  <controlfield tag="001">n  42035765 </controlfield>
  <controlfield tag="003">DLC</controlfield>
  <controlfield tag="005">20161203073930.0</controlfield>
  <controlfield tag="008">830708n| azaaaaaan          |a ana      </controlfield>
  <datafield tag="010" ind1=" " ind2=" ">
    <subfield code="a">n  42035765 </subfield>
    <subfield code="z">n  42000085 </subfield>
  </datafield>
  <datafield tag="022" ind1=" " ind2=" ">
    <subfield code="a">2215-2237</subfield>
  </datafield>
  <datafield tag="035" ind1=" " ind2=" ">
    <subfield code="a">(OCoLC)oca00033326</subfield>
  </datafield>
  <datafield tag="040" ind1=" " ind2=" ">
    <subfield code="a">DLC</subfield>
    <subfield code="b">eng</subfield>
    <subfield code="e">rda</subfield>
    <subfield code="c">DLC</subfield>
    <subfield code="d">DLC-S</subfield>
    <subfield code="d">NNC</subfield>
    <subfield code="d">DLC</subfield>
    <subfield code="d">CoU</subfield>
    <subfield code="d">MH</subfield>
    <subfield code="d">CSt</subfield>
  </datafield>
  <datafield tag="130" ind1=" " ind2="0">
    <subfield code="a">Divulgación económica</subfield>
  </datafield>
  <datafield tag="410" ind1="2" ind2=" ">
    <subfield code="a">Universidad de Costa Rica.</subfield>
    <subfield code="b">Escuela de Economía.</subfield>
    <subfield code="t">Divulgación económica</subfield>
  </datafield>
  <datafield tag="410" ind1="2" ind2=" ">
    <subfield code="a">Universidad de Costa Rica.</subfield>
    <subfield code="b">Instituto de Investigaciones en Ciencias Económicas.</subfield>
    <subfield code="t">Divulgación económica</subfield>
  </datafield>
  <datafield tag="410" ind1="2" ind2=" ">
    <subfield code="a">Universidad de Costa Rica.</subfield>
    <subfield code="b">Instituto de Investigaciones Económicas.</subfield>
    <subfield code="t">Divulgación económica</subfield>
  </datafield>
  <datafield tag="430" ind1=" " ind2="0">
    <subfield code="a">Serie Divulgación económica</subfield>
  </datafield>
  <datafield tag="430" ind1=" " ind2="0">
    <subfield code="a">Serie de divulgación económica</subfield>
  </datafield>
  <datafield tag="642" ind1=" " ind2=" ">
    <subfield code="a">[nuev. ser.] 3</subfield>
    <subfield code="5">DPCC</subfield>
    <subfield code="5">MH</subfield>
  </datafield>
  <datafield tag="642" ind1=" " ind2=" ">
    <subfield code="a">no. 15</subfield>
    <subfield code="5">DLC</subfield>
  </datafield>
  <datafield tag="643" ind1=" " ind2=" ">
    <subfield code="a">San Jose, Costa Rica</subfield>
    <subfield code="b">Instituto de Investigaciones en Ciencias Económicas (IICE)</subfield>
    <subfield code="d">&lt;2009-&gt;</subfield>
  </datafield>
  <datafield tag="643" ind1=" " ind2=" ">
    <subfield code="a">Ciudad Universitaria Rodrigo Facio</subfield>
    <subfield code="b">Instituto de Investigaciones en Ciencias Económicas</subfield>
    <subfield code="d">&lt;no. 51-&gt;</subfield>
  </datafield>
  <datafield tag="643" ind1=" " ind2=" ">
    <subfield code="a">Ciudad Universitaria Rodrigo Facio</subfield>
    <subfield code="b">Universidad de Costa Rica, Facultad de Ciencias Económicas, Escuela de Economía</subfield>
    <subfield code="d">&lt;no. 15-&gt;</subfield>
  </datafield>
  <datafield tag="644" ind1=" " ind2=" ">
    <subfield code="a">f</subfield>
    <subfield code="5">DLC</subfield>
  </datafield>
  <datafield tag="645" ind1=" " ind2=" ">
    <subfield code="a">t</subfield>
    <subfield code="5">DLC</subfield>
  </datafield>
  <datafield tag="646" ind1=" " ind2=" ">
    <subfield code="a">s</subfield>
    <subfield code="5">DLC</subfield>
  </datafield>
  <datafield tag="670" ind1=" " ind2=" ">
    <subfield code="a">Villasuso E., Juan Ml. (Juan Manuel Villasuso Estomba). Intermediarios y márgenes de comercialización de productos agrícolas en Costa Rica, 1976.</subfield>
  </datafield>
  <datafield tag="670" ind1=" " ind2=" ">
    <subfield code="a">Céspedes S., V.H. Evolución de la distribución del ingreso en Costa Rica, nov. 1979:</subfield>
    <subfield code="b">t.p (Serie Divulgación económica)</subfield>
  </datafield>
  <datafield tag="670" ind1=" " ind2=" ">
    <subfield code="a">Reducción de la pobreza en Costa Rica, 1996:</subfield>
    <subfield code="b">t.p. (Serie Divulgación económica)</subfield>
  </datafield>
  <datafield tag="670" ind1=" " ind2=" ">
    <subfield code="a">La politica fiscal latinoamericana, 1997:</subfield>
    <subfield code="b">t.p. (Serie de divulgación economica)</subfield>
  </datafield>
  <datafield tag="670" ind1=" " ind2=" ">
    <subfield code="a">Empresas multinacionales, 1972:</subfield>
    <subfield code="b">t.p. (Divulgación económica / Escuela de Ciencias Económicas y Sociales, Instituto de Investigaciones Económicas)</subfield>
  </datafield>
  <datafield tag="670" ind1=" " ind2=" ">
    <subfield code="a">Clima empresarial en un cantoń de bajo crecimineto. El caso de Turrialba, 2009:</subfield>
    <subfield code="b">cover (Serie de divulgación económica. IICE-03)</subfield>
  </datafield>
</record>